@article{Viswanathan2014,
year={2014},
issn={1434-6028},
journal={The European Physical Journal B},
volume={87},
number={2},
doi={10.1140/epjb/e2014-40699-x},
title={Quantitative comparison between crowd models for evacuation planning and evaluation},
url={http://dx.doi.org/10.1140/epjb/e2014-40699-x},
publisher={Springer Berlin Heidelberg},
keywords={Statistical and Nonlinear Physics},
author={Viswanathan, Vaisagh and Lee, Chong Eu and Lees, Michael Harold and Cheong, Siew Ann and Sloot, Peter M.A.},
pages={1-11},
}


@article{Nan:2011vr,
author = {Nan, Hu and Lees, Michael and Zhou, Suiping and Viswanathan, Vaisagh},
title = {{Pattern Based Motion For Crowd Simulation}},
journal = {Transactions on Edutainment},
year = {2011},
pages = {1--10}
}

@inproceedings{Pengfei:2011ba,
author = {Pengfei, Xing and Lees, Michael and Nan, Hu and Viswanathan, Vaisagh},
title = {{Validation of Agent-Based Simulation Through Human Computation : An Example of Crowd Simulation}},
booktitle = {12th International Workshop on Multi-Agent-Based Simulation},
year = {2011},
pages = {1--12},
organization = {School of Computer Engineering, NTU},
address = {Teipei, Taiwan},
month = may
}

@incollection{Viswanathan:2012vt1,
year={2012},
isbn={978-3-642-32662-2},
booktitle={Transactions on Computational Science XVI},
volume={7380},
series={Lecture Notes in Computer Science},
editor={Gavrilova, MarinaL. and Tan, C.J.Kenneth},
doi={10.1007/978-3-642-32663-9_4},
title={modelling and Analyzing the Human Cognitive Limits for Perception in Crowd Simulation},
url={http://dx.doi.org/10.1007/978-3-642-32663-9_4},
publisher={Springer Berlin Heidelberg},
keywords={Agent-Based Model; Sensing; Crowd Simulation; Motion Planning; Visual Cognition; Group Based Perception; Information; Collision Avoidance},
author={Viswanathan, Vaisagh and Lees, Michael},
pages={55-76}
}


@incollection{vt2,
year={2014},
isbn={978-3-319-02446-2},
booktitle={Pedestrian and Evacuation Dynamics 2012},
editor={Weidmann, Ulrich and Kirsch, Uwe and Schreckenberg, Michael},
doi={10.1007/978-3-319-02447-9_8},
title={An Information Processing Based Model of Pre-evacuation Behavior for Agent Based Egress Simulation},
url={http://dx.doi.org/10.1007/978-3-319-02447-9_8},
publisher={Springer International Publishing},
keywords={Agent-based simulation; Evacuation; Pre-evacuation; Behavior; Model; Communication; Cue perception},
author={Viswanathan, Vaisagh and Lees, Michael},
pages={125-133},
language={English}
}


@inproceedings{Viswanathan:2011uy,
author = {Viswanathan, Vaisagh and Lees, Michael},
title = {{An Information-Based Perception Model for Agent-Based Crowd and Egress Simulation}},
booktitle = {2011 International Conference on Cyberworlds (CW)},
year = {2011},
pages = {38--45},
month = jul
}

@article{Viswanathan:2015,
  title = "An Experimental Investigation into the Role Of Memory in Human Exploration and Navigation",
  author  = {Viswanathan, Vaisagh and Lees, Michael and Sloot, Peter},
  year    = "in press",
  journal = "Journal of Nothingness",
  pages = {1--28}
}

@inproceedings{Angela:2015,
author = {Teo, Angela and Viswanathan, Vaisagh and Lees, Michael and Wentong, Cai},
title = {{Analysing the Effectiveness of Wearable Wireless Sensors in Controlling Crowd Disasters}},
booktitle = {2014 International Conference on Computational Science (ICCS)},
year = {2014},
month = jul
}